@book{dahlman20164g,
  title={4G, LTE-advanced Pro and the Road to 5G},
  author={Dahlman, Erik and Parkvall, Stefan and Skold, Johan},
  year={2016},
  publisher={Academic Press}
}
@phdthesis{sherry2016middleboxes,
	title={Middleboxes as a Cloud Service},
	author={Sherry, Justine Marie},
	year={2016},
	school={UC Berkeley}
}
@article{li2015software,
	title={Software-defined network function virtualization: A survey},
	author={Li, Yong and Chen, Min},
	journal={IEEE Access},
	volume={3},
	pages={2542--2553},
	year={2015},
	publisher={IEEE}
}
@techreport{nfv_wp,
	added-at = {2014-12-10T15:39:22.000+0100},
	author = {{NFV White Paper}},
	comment = {SDN and OpenFlow World Congress},
	institution = {ETSI},
	month = Oct,
	title = {{Network Functions Virtualisation: An Introduction, Benefits, Enablers, Challenges \& Call for Action. Issue 1}},
	year = 2012
}
@article{jarschel2014interfaces,
	title={{Interfaces, Attributes, and Use Cases: A compass for SDN}},
	author={Jarschel, Michael and Zinner, Thomas and Ho{\ss}feld, Tobias and Tran-Gia, Phuoc and Kellerer, Wolfgang},
	journal={IEEE Communications Magazine},
	volume={52},
	number={6},
	pages={210--217},
	year={2014},
	publisher={IEEE}
}
@techreport{etsi1etsi,
	title={{ETSI GS NFV 002: Network Functions Virtualisation (NFV); Architectural Framework}},
	author={ETSI, NFVISG},
	institution={ETSI, Tech. Rep. GS NFV 002}
}
@misc{nfv4arm,
	title={{Building container-based NFV solutions with OPNFV, ONAP and VPP on Arm platform}},
	author={Tina Tsou, Trevor Tao},
	howpublished={\url{https://wiki.lfnetworking.org/display/LN/LFN+Developer
	+Forum+Presentations}},
	note = {accessed: \today}
}
@inproceedings{cn5gvnf,
	author = {Imadali, Sofiane and Bousselmi, Ayoub},
	year = {2018},
	month = {Nov},
	pages = {91-96},
	title = {{Cloud Native 5G Virtual Network Functions: Design Principles and Use Cases}},
	doi = {10.1109/SC2.2018.00019}
}

@article{de2019network,
	title={Network service orchestration: A survey},
	author={de Sousa, Nathan F Saraiva and Perez, Danny A Lachos and Rosa, Raphael V and Santos, Mateus AS and Rothenberg, Christian Esteve},
	journal={Computer Communications},
	year={2019},
	publisher={Elsevier}
}

internet ossification
@article{nunes2014survey,
	title={A survey of {S}oftware-defined {N}etworking: {P}ast, {P}resent, and {F}uture of {P}rogrammable {N}etworks},
	author={Nunes, Bruno Astuto A and Mendonca, Marc and Nguyen, Xuan-Nam and Obraczka, Katia and Turletti, Thierry},
	journal={IEEE Communications Surveys \& Tutorials},
	volume={16},
	number={3},
	pages={1617--1634},
	year={2014},
	publisher={IEEE}
}

@article{place1,
	title={Online scaling of NFV service chains across geo-distributed datacenters},
	author={Jia, Yongzheng and Wu, Chuan and Li, Zongpeng and Le, Franck and Liu, Alex and Li, Zongpeng and Jia, Yongzheng and Wu, Chuan and Le, Franck and Liu, Alex},
	journal={IEEE/ACM Transactions on Networking (TON)},
	volume={26},
	number={2},
	pages={699--710},
	year={2018},
	publisher={IEEE Press}
}

@article{mijumbi2016network,
	title={Network function virtualization: State-of-the-art and research challenges},
	author={Mijumbi, Rashid and Serrat, Joan and Gorricho, Juan-Luis and Bouten, Niels and De Turck, Filip and Boutaba, Raouf},
	journal={IEEE Communications Surveys \& Tutorials},
	volume={18},
	number={1},
	pages={236--262},
	year={2016},
	publisher={IEEE}
}