ci
@misc{fowler_foemmel_2000, title={Continuous Integration (original version)}, url={https://martinfowler.com/articles/originalContinuousIntegration.html}, journal={martinfowler.com}, publisher={Martin Fowler}, author={Fowler, Martin and Foemmel, Matthew}, year={2000}, month={Sep}}

@misc{fowler_2006, title={Continuous Integration}, url={https://martinfowler.com/articles/continuousIntegration.html}, journal={martinfowler.com}, author={Fowler, Martin}, year={2006}, month={May}} 

12 factor
@inbook{hofmann2017microservices,
	title={Twelve factors},
	booktitle={Microservices Best Practices for Java},
	author={Hofmann, Michael and Schnabel, Erin and Stanley, Katherine and others},
	pages={2-3},
	year={2017},
	publisher={IBM Redbooks}
}

@misc{12Factor,
	author = {Adam Wiggins},
	title = {{The Twelve-Factor App}},
	year = 2017,
	howpublished = "https://12factor.net",
	note = "[ accessed 2019-06-30]"
}


@article{mijumbi2016network,
	title={Network function virtualization: State-of-the-art and research challenges},
	author={Mijumbi, Rashid and Serrat, Joan and Gorricho, Juan-Luis and Bouten, Niels and De Turck, Filip and Boutaba, Raouf},
	journal={IEEE Communications Surveys \& Tutorials},
	volume={18},
	number={1},
	pages={236--262},
	year={2016},
	publisher={IEEE}
}

@inproceedings{bilal2016impact,
	title={Impact of network function virtualization: A study based on real-life mobile network data},
	author={Bilal, Ahmad and Vajda, Andras and Tarik, Taleb},
	booktitle={2016 International Wireless Communications and Mobile Computing Conference (IWCMC)},
	pages={541--546},
	year={2016},
	organization={IEEE}
}

@article{de2018network,
	title={Network service orchestration: A survey},
	author={de Sousa, Nathan F Saraiva and Perez, Danny A Lachos and Rosa, Raphael V and Santos, Mateus AS and Rothenberg, Christian Esteve},
	journal={arXiv preprint arXiv:1803.06596},
	year={2018}
}

% Number of middleboxes
@phdthesis{sherry2016middleboxes,
	title={Middleboxes as a Cloud Service},
	author={Sherry, Justine Marie},
	year={2016},
	school={UC Berkeley}
}

WhitePaper by ETSI for NFV
@techreport{nfv_wp,
	added-at = {2014-12-10T15:39:22.000+0100},
	author = {{NFV White Paper}},
	comment = {SDN and OpenFlow World Congress},
	institution = {ETSI},
	month = Oct,
	title = {{Network Functions Virtualisation: An Introduction, Benefits, Enablers, Challenges \& Call for Action. Issue 1}},
	year = 2012
}

@techreport{CNF, 
	author = {{Cisco}}, 
	title = {{Cloud-Native Network Functions (CNFs) White Paper}}, 
	publisher = {Cisco}, 
	year = {2018},
	month=Jun,
	howpublished={https://www.cisco.com/c/en/us/products/collateral/routers/cloud-native-broadband-router/white-paper-c11-740841.pdf},
	note = {Accessed: 15-05-2019}
}
}

@techreport{evolutionnfv, 
	author = {{Caroline Chappell}}, 
	title = {{The Evolution to Cloud-native NFV: Early Adoption Brings Benefits with a Flexible Approach}}, 
	publisher = {Analysys Mason}, 
	year = {2017},
	month=Nov,
	howpublished={http://www.analysysmason.com/cloud-native-nfv-white-paper-rma16},
	note = {Accessed: 15-05-2019}
}

@inproceedings{pfaff2009extending,
	title={{Extending networking into the virtualization layer.}},
	author={Pfaff, Ben and Pettit, Justin and Amidon, Keith and Casado, Martin and Koponen, Teemu and Shenker, Scott},
	booktitle={Hotnets},
	year={2009}
}

Cloud-native 5G and VNF
@inproceedings{inproceedings,
	author = {Imadali, Sofiane and Bousselmi, Ayoub},
	year = {2018},
	month = {11},
	pages = {91-96},
	title = {{Cloud Native 5G Virtual Network Functions: Design Principles and Use Cases}},
	doi = {10.1109/SC2.2018.00019}
}

@article{de2019network,
	title={Network service orchestration: A survey},
	author={de Sousa, Nathan F Saraiva and Perez, Danny A Lachos and Rosa, Raphael V and Santos, Mateus AS and Rothenberg, Christian Esteve},
	journal={Computer Communications},
	year={2019},
	publisher={Elsevier}
}

internet ossification
@article{nunes2014survey,
	title={A survey of {S}oftware-defined {N}etworking: {P}ast, {P}resent, and {F}uture of {P}rogrammable {N}etworks},
	author={Nunes, Bruno Astuto A and Mendonca, Marc and Nguyen, Xuan-Nam and Obraczka, Katia and Turletti, Thierry},
	journal={IEEE Communications Surveys \& Tutorials},
	volume={16},
	number={3},
	pages={1617--1634},
	year={2014},
	publisher={IEEE}
}